<?xml version="1.0" encoding="UTF-8"?><collection xmlns="http://www.loc.gov/MARC21/slim"><record><leader>00370nam--2200133-i-4500</leader><controlfield tag="001">000013913</controlfield><controlfield tag="002">20161230</controlfield><controlfield tag="005">20161230201030</controlfield><controlfield tag="008">060222s1000------------r-----000-0-eng-d</controlfield><datafield ind1=" " ind2=" " tag="080"><subfield code="a">519.688:681.3.068</subfield></datafield><datafield ind1=" " ind2=" " tag="100"><subfield code="a">Chirica, L.M</subfield></datafield><datafield ind1=" " ind2=" " tag="245"><subfield code="a">Programare automata</subfield></datafield><datafield ind1=" " ind2=" " tag="260"><subfield code="a">Bucuresti, Centrul De Documentare Al Industrie I Chimice Si Petroliere, 1968. 149 P</subfield></datafield><datafield ind1=" " ind2=" " tag="852"><subfield code="a">48152</subfield></datafield></record></collection>